%% This BibTeX bibliography file was created using BibDesk.
%% http://bibdesk.sourceforge.net/


%% Created for Cesare Tinelli at 2014-05-15 02:01:42 -0500 


%% Saved with string encoding Unicode (UTF-8) 



@misc{kaluza,
	Author = {Prateek Saxena and Devdatta Akhawe},
	Date-Added = {2014-05-15 06:58:12 +0000},
	Date-Modified = {2014-05-15 07:01:42 +0000},
	Howpublished = {\url{http://webblaze.cs.berkeley.edu/2010/kaluza/}},
	Title = {Kaluza web site},
	Year = {2010}}

@techreport{LiaEtAl-RR-14,
	Author = {Tianyi Liang and Andrew Reynolds and Cesare Tinelli and Clark Barrett and Morgan Deters},
	Date-Added = {2014-05-15 06:39:42 +0000},
	Date-Modified = {2014-05-15 06:50:20 +0000},
	Institution = {Department of Computer Science, The University of Iowa},
	Note = {(Available at \url{http://cvc4.cs.nyu.edu/papers/CAV2014-strings/})},
	Title = {A {DPLL(T)} Theory Solver for a Theory of Strings and Regular Expressions},
	Year = {2014}}

@article{NelOpp-TPLS-79,
	Author = {Greg Nelson and Derek C.~Oppen},
	Date-Added = {2014-05-10 16:47:05 +0000},
	Date-Modified = {2014-05-10 16:47:05 +0000},
	Journal = {ACM Trans.~on Programming Languages and Systems},
	Month = oct,
	Number = 2,
	Pages = {245--257},
	Title = {Simplification by Cooperating Decision Procedures},
	Volume = 1,
	Year = 1979}

@article{NieOT-JACM-06,
	Author = {Robert Nieuwenhuis and Albert Oliveras and Cesare Tinelli},
	Date-Added = {2014-02-10 10:27:01 +0000},
	Date-Modified = {2014-02-10 10:27:01 +0000},
	Journal = {Journal of the ACM},
	Month = nov,
	Number = 6,
	Pages = {937--977},
	Title = {{Solving SAT and SAT Modulo Theories: from an abstract Davis-Putnam-Logemann-Loveland Procedure to DPLL(T)}},
	Volume = 53,
	Year = 2006}

@incollection{BarSST-09,
	Author = {Clark Barrett and Roberto Sebastiani and Sanjit Seshia and Cesare Tinelli},
	Booktitle = {Handbook of Satisfiability},
	Chapter = 26,
	Date-Added = {2014-02-04 06:19:10 +0000},
	Date-Modified = {2014-02-04 06:19:10 +0000},
	Editor = {Biere, Armin and Heule, Marijn J. H. and van Maaren, Hans and Walsh, Toby},
	Isbn = {978-1-58603-929-5},
	Issn = {0922-6389},
	Month = {February},
	Pages = {825--885},
	Publisher = {IOS Press},
	Title = {Satisfiability Modulo Theories},
	Volume = {185},
	Year = {2009}}

@inproceedings{HooVea-VMCA-11,
	Author = {Hooimeijer, Pieter and Veanes, Margus},
	Booktitle = {Proceedings of the 12th international conference on Verification, model checking, and abstract interpretation},
	Date-Added = {2014-02-02 04:45:06 +0000},
	Date-Modified = {2014-02-02 04:45:06 +0000},
	Isbn = {978-3-642-18274-7},
	Pages = {248--262},
	Publisher = {Springer-Verlag},
	Title = {An evaluation of automata algorithms for string analysis},
	Year = {2011},
	Bdsk-Url-1 = {http://dl.acm.org/citation.cfm?id=1946284.1946302}}

@inproceedings{SaxEtAl-SP-10,
	Author = {Saxena, Prateek and Akhawe, Devdatta and Hanna, Steve and Mao, Feng and McCamant, Stephen and Song, Dawn},
	Booktitle = {Proceedings of the 2010 IEEE Symposium on Security and Privacy},
	Date-Added = {2014-02-02 04:44:18 +0000},
	Date-Modified = {2014-02-02 04:44:18 +0000},
	Doi = {http://dx.doi.org/10.1109/SP.2010.38},
	Pages = {513--528},
	Publisher = {IEEE Computer Society},
	Title = {A Symbolic Execution Framework for {JavaScript}},
	Year = {2010},
	Bdsk-Url-1 = {http://dx.doi.org/10.1109/SP.2010.38}}

@inproceedings{KiezEtAl-ISSTA-09,
	Author = {Kiezun, Adam and Ganesh, Vijay and Guo, Philip J. and Hooimeijer, Pieter and Ernst, Michael D.},
	Booktitle = {Proceedings of the eighteenth international symposium on Software testing and analysis},
	Date-Added = {2014-02-02 04:44:06 +0000},
	Date-Modified = {2014-02-02 04:44:06 +0000},
	Pages = {105--116},
	Publisher = {ACM},
	Title = {{HAMPI}: a solver for string constraints},
	Year = {2009},
	Bdsk-Url-1 = {http://doi.acm.org/10.1145/1572272.1572286}}

@inproceedings{HooWei-PLDI-09,
	Author = {Hooimeijer, Pieter and Weimer, Westley},
	Booktitle = {Proceedings of the 2009 ACM SIGPLAN conference on Programming language design and implementation},
	Date-Added = {2014-02-02 04:43:37 +0000},
	Date-Modified = {2014-02-02 04:43:37 +0000},
	Pages = {188--198},
	Publisher = {ACM},
	Title = {A decision procedure for subset constraints over regular languages},
	Year = {2009},
	Bdsk-Url-1 = {http://doi.acm.org/10.1145/1542476.1542498}}

@inproceedings{HooWei-ASE-10,
	Author = {Hooimeijer, Pieter and Weimer, Westley},
	Booktitle = {Proceedings of the IEEE/ACM international conference on Automated software engineering},
	Date-Added = {2014-02-02 04:43:37 +0000},
	Date-Modified = {2014-02-02 04:43:37 +0000},
	Pages = {377--386},
	Publisher = {ACM},
	Title = {Solving string constraints lazily},
	Year = {2010},
	Bdsk-Url-1 = {http://doi.acm.org/10.1145/1858996.1859080}}

@inproceedings{BjoTV-TACAS-09,
	Author = {Bj{\o}rner, Nikolaj and Tillmann, Nikolai and Voronkov, Andrei},
	Booktitle = {Proceedings of the 15th International Conference on Tools and Algorithms for the Construction and Analysis of Systems: Held as Part of the Joint European Conferences on Theory and Practice of Software, ETAPS 2009,},
	Date-Added = {2014-02-02 04:42:42 +0000},
	Date-Modified = {2014-02-02 04:42:42 +0000},
	Pages = {307--321},
	Publisher = {Springer-Verlag},
	Title = {Path Feasibility Analysis for String-Manipulating Programs},
	Year = {2009},
	Bdsk-Url-1 = {http://dx.doi.org/10.1007/978-3-642-00768-2_27}}

@inproceedings{GanHNOT-CAV-04,
	Author = {Harald Ganzinger and George Hagen and Robert Nieuwenhuis and Albert Oliveras and Cesare Tinelli},
	Booktitle = {Proceedings of the 16th International Conference on Computer Aided Verification, CAV'04 (Boston, Massachusetts)},
	Editor = {R.~Alur and D.~Peled},
	Pages = {175-188},
	Publisher = {Springer},
	Series = {Lecture Notes in Computer Science},
	Title = {{DPLL(T)}: Fast Decision Procedures},
	Url = {ftp://ftp.cs.uiowa.edu/pub/tinelli/papers/GanHNOT-CAV-04.pdf},
	Volume = 3114,
	Year = 2004,
	Bdsk-Url-1 = {ftp://ftp.cs.uiowa.edu/pub/tinelli/papers/GanHNOT-CAV-04.pdf}}

@article{Makanin77,
	Author = {Makanin, G. S.},
	Issue = {2(6)},
	Journal = {English transl. in Math USSR Sbornik},
	Pages = {147--236},
	Title = {The problem of solvability of equations in a free semigroup},
	Volume = {32},
	Year = {1977}}

@article{Plandowski2004,
	Acmid = {990312},
	Author = {Plandowski, Wojciech},
	Doi = {10.1145/990308.990312},
	Issn = {0004-5411},
	Journal = {Journal of the ACM},
	Keywords = {String unification, word equations},
	Month = may,
	Number = {3},
	Numpages = {14},
	Pages = {483--496},
	Publisher = {ACM},
	Title = {Satisfiability of Word Equations with Constants is in {PSPACE}},
	Url = {http://doi.acm.org/10.1145/990308.990312},
	Volume = {51},
	Year = {2004},
	Bdsk-Url-1 = {http://doi.acm.org/10.1145/990308.990312},
	Bdsk-Url-2 = {http://dx.doi.org/10.1145/990308.990312}}

@inproceedings{Plandowski2006,
	Acmid = {1132584},
	Author = {Plandowski, Wojciech},
	Booktitle = {Proceedings of the Thirty-eighth Annual ACM Symposium on Theory of Computing},
	Isbn = {1-59593-134-1},
	Keywords = {word equations},
	Location = {Seattle, WA, USA},
	Numpages = {10},
	Pages = {467--476},
	Publisher = {ACM},
	Series = {STOC '06},
	Title = {An Efficient Algorithm for Solving Word Equations},
	Year = {2006}}

@inproceedings{GMSR2120,
	Acmid = {2529042},
	Author = {Ganesh, Vijay and Minnes, Mia and Solar{-}Lezama, Armando and Rinard, Martin},
	Booktitle = {Proceedings of the 8th International Conference on Hardware and Software: Verification and Testing},
	Isbn = {978-3-642-39610-6},
	Location = {Haifa, Israel},
	Numpages = {18},
	Pages = {209--226},
	Publisher = {Springer-Verlag},
	Series = {HVC'12},
	Title = {Word Equations with Length Constraints: What's Decidable?},
	Year = {2013}}

@incollection{BMS2006,
	Author = {Bradley, AaronR. and Manna, Zohar and Sipma, HennyB.},
	Booktitle = {Verification, Model Checking, and Abstract Interpretation},
	Doi = {10.1007/11609773_28},
	Editor = {Emerson, E.Allen and Namjoshi, KedarS.},
	Isbn = {978-3-540-31139-3},
	Pages = {427-442},
	Publisher = {Springer-Verlag},
	Series = {Lecture Notes in Computer Science},
	Title = {What's Decidable About Arrays?},
	Url = {http://dx.doi.org/10.1007/11609773_28},
	Volume = {3855},
	Year = {2006},
	Bdsk-Url-1 = {http://dx.doi.org/10.1007/11609773_28}}

@article{Antimirov1996,
	Acmid = {231848},
	Author = {Antimirov, Valentin},
	Doi = {10.1016/0304-3975(95)00182-4},
	Issn = {0304-3975},
	Journal = {Theor. Comput. Sci.},
	Month = mar,
	Number = {2},
	Numpages = {29},
	Pages = {291--319},
	Publisher = {Elsevier Science Publishers Ltd.},
	Title = {Partial Derivatives of Regular Expressions and Finite Automaton Constructions},
	Url = {http://dx.doi.org/10.1016/0304-3975(95)00182-4},
	Volume = {155},
	Year = {1996},
	Bdsk-Url-1 = {http://dx.doi.org/10.1016/0304-3975(95)00182-4}}

@article{Antimirov1995,
	Acmid = {203117},
	Author = {Antimirov, Valentin M. and Mosses, Peter D.},
	Doi = {10.1016/0304-3975(95)80010-7},
	Issn = {0304-3975},
	Journal = {Theor. Comput. Sci.},
	Month = may,
	Number = {1},
	Numpages = {22},
	Pages = {51--72},
	Publisher = {Elsevier Science Publishers Ltd.},
	Title = {Rewriting Extended Regular Expressions},
	Url = {http://dx.doi.org/10.1016/0304-3975(95)80010-7},
	Volume = {143},
	Year = {1995},
	Bdsk-Url-1 = {http://dx.doi.org/10.1016/0304-3975(95)80010-7}}

@inproceedings{YBI2009,
	Acmid = {1532928},
	Author = {Yu, Fang and Bultan, Tevfik and Ibarra, Oscar H.},
	Booktitle = {Proceedings of the 15th International Conference on Tools and Algorithms for the Construction and Analysis of Systems: Held As Part of the Joint European Conferences on Theory and Practice of Software, ETAPS 2009,},
	Isbn = {978-3-642-00767-5},
	Location = {York, UK},
	Numpages = {15},
	Pages = {322--336},
	Publisher = {Springer-Verlag},
	Series = {TACAS '09},
	Title = {Symbolic String Verification: Combining String Analysis and Size Analysis},
	Year = {2009}}

@inproceedings{ZSM2005,
	Acmid = {2135238},
	Author = {Zhang, Ting and Sipma, Henny B. and Manna, Zohar},
	Booktitle = {Proceedings of the 25th International Conference on Foundations of Software Technology and Theoretical Computer Science},
	Isbn = {3-540-30495-9, 978-3-540-30495-1},
	Location = {Hyderabad, India},
	Numpages = {13},
	Pages = {225--237},
	Publisher = {Springer-Verlag},
	Series = {FSTTCS '05},
	Title = {Decision Procedures for Queues with Integer Constraints},
	Year = {2005}}

@inproceedings{Furia2010,
	Acmid = {1927344},
	Author = {Furia, Carlo A.},
	Booktitle = {Proceedings of the 8th International Conference on Automated Technology for Verification and Analysis},
	Isbn = {3-642-15642-8, 978-3-642-15642-7},
	Location = {Singapore},
	Numpages = {15},
	Pages = {128--142},
	Publisher = {Springer-Verlag},
	Series = {ATVA'10},
	Title = {What's Decidable About Sequences?},
	Url = {http://dl.acm.org/citation.cfm?id=1927331.1927344},
	Year = {2010},
	Bdsk-Url-1 = {http://dl.acm.org/citation.cfm?id=1927331.1927344}}

@inproceedings{GSLC2013,
	Acmid = {2486925},
	Author = {Ghosh, Indradeep and Shafiei, Nastaran and Li, Guodong and Chiang, Wei{-}Fan},
	Booktitle = {Proceedings of the 2013 International Conference on Software Engineering},
	Isbn = {978-1-4673-3076-3},
	Location = {San Francisco, CA, USA},
	Numpages = {10},
	Pages = {992--1001},
	Publisher = {IEEE Press},
	Series = {ICSE '13},
	Title = {{JST}: An Automatic Test Generation Tool for Industrial {Java} Applications with Strings},
	Url = {http://dl.acm.org/citation.cfm?id=2486788.2486925},
	Year = {2013},
	Bdsk-Url-1 = {http://dl.acm.org/citation.cfm?id=2486788.2486925}}

@article{FPBL2013,
	Author = {Fu, Xiang and Powell, MichaelC. and Bantegui, Michael and Li, Chung{-}Chih},
	Issn = {0934-5043},
	Journal = {Formal Aspects of Computing},
	Keywords = {String analysis; Symbolic execution; Constraint solving; Vulnerability detection},
	Language = {English},
	Number = {6},
	Pages = {847-891},
	Publisher = {Springer London},
	Title = {Simple linear string constraints},
	Volume = {25},
	Year = {2013}}

@incollection{HFPZ2013,
	Author = {He, Jun and Flener, Pierre and Pearson, Justin and Zhang, WeiMing},
	Booktitle = {Principles and Practice of Constraint Programming},
	Editor = {Schulte, Christian},
	Isbn = {978-3-642-40626-3},
	Pages = {381-397},
	Publisher = {Springer-Verlag},
	Series = {Lecture Notes in Computer Science},
	Title = {Solving String Constraints: The Case for Constraint Programming},
	Volume = {8124},
	Year = {2013}}

@inproceedings{SMTLib2010,
	Author = {Clark Barrett and Aaron Stump and Cesare Tinelli},
	Booktitle = {Proceedings of the 8th International Workshop on Satisfiability Modulo Theories (Edinburgh, UK)},
	Editor = {A.~Gupta and D.~Kroening},
	Title = {{The SMT-LIB Standard: Version 2.0}},
	Year = 2010}

@inproceedings{SMTstrings2012,
	Author = {Bj{\o}rner, Nikolaj and Ganesh, Vijay and Michel, R. and Veanes, Margus},
	Booktitle = {In SMT workshop 2012},
	Title = {{An SMT-LIB Format for Sequences and Regular Expressions}},
	Year = 2012}

@inproceedings{SGRK2009,
	Acmid = {1555868},
	Author = {Shannon, D. and Ghosh, I. and Rajan, S. and Khurshid, S.},
	Booktitle = {Proceedings of the 2nd International Workshop on Defects in Large Software Systems: Held in Conjunction with the ACM SIGSOFT International Symposium on Software Testing and Analysis (ISSTA 2009)},
	Doi = {10.1145/1555860.1555868},
	Isbn = {978-1-60558-654-0},
	Location = {Chicago, Illinois},
	Numpages = {5},
	Pages = {22--26},
	Publisher = {ACM},
	Series = {DEFECTS '09},
	Title = {Efficient Symbolic Execution of Strings for Validating Web Applications},
	Url = {http://doi.acm.org/10.1145/1555860.1555868},
	Year = {2009},
	Bdsk-Url-1 = {http://doi.acm.org/10.1145/1555860.1555868},
	Bdsk-Url-2 = {http://dx.doi.org/10.1145/1555860.1555868}}

@inproceedings{CVC4,
	Acmid = {2032319},
	Author = {Barrett, Clark and Conway, Christopher L. and Deters, Morgan and Hadarean, Liana and Jovanovi\'{c}, Dejan and King, Tim and Reynolds, Andrew and Tinelli, Cesare},
	Booktitle = {Proceedings of the 23rd International Conference on Computer Aided Verification},
	Isbn = {978-3-642-22109-5},
	Location = {Snowbird, UT},
	Numpages = {7},
	Pages = {171--177},
	Publisher = {Springer-Verlag},
	Series = {CAV'11},
	Title = {{CVC4}},
	Url = {http://dl.acm.org/citation.cfm?id=2032305.2032319},
	Year = {2011},
	Bdsk-Url-1 = {http://dl.acm.org/citation.cfm?id=2032305.2032319}}

@inproceedings{Z3,
	Acmid = {1792766},
	Author = {De Moura, Leonardo and Bj{\o}rner, Nikolaj},
	Booktitle = {Proceedings of the Theory and Practice of Software, 14th International Conference on Tools and Algorithms for the Construction and Analysis of Systems},
	Isbn = {3-540-78799-2, 978-3-540-78799-0},
	Location = {Budapest, Hungary},
	Numpages = {4},
	Pages = {337--340},
	Publisher = {Springer-Verlag},
	Series = {TACAS'08/ETAPS'08},
	Title = {Z3: An Efficient SMT Solver},
	Url = {http://dl.acm.org/citation.cfm?id=1792734.1792766},
	Year = {2008},
	Bdsk-Url-1 = {http://dl.acm.org/citation.cfm?id=1792734.1792766}}

@techreport{Yices2006,
	Author = {Bruno Dutertre and Leonardo De Moura},
	Institution = {SRI International},
	Title = {The {YICES} {SMT} solver},
	Year = {2006}}

@inproceedings{Veanes2013,
	Acmid = {2526089},
	Author = {Veanes, Margus},
	Booktitle = {Proceedings of the 18th International Conference on Implementation and Application of Automata},
	Isbn = {978-3-642-39273-3},
	Location = {Halifax, NS, Canada},
	Numpages = {8},
	Pages = {16--23},
	Publisher = {Springer-Verlag},
	Series = {CIAA'13},
	Title = {Applications of Symbolic Finite Automata},
	Year = {2013}}

@inproceedings{VBD2010,
	Acmid = {1928425},
	Author = {Veanes, Margus and Bj{\o}rner, Nikolaj and De Moura, Leonardo},
	Booktitle = {Proceedings of the 17th International Conference on Logic for Programming, Artificial Intelligence, and Reasoning},
	Isbn = {3-642-16241-X, 978-3-642-16241-1},
	Location = {Yogyakarta, Indonesia},
	Numpages = {15},
	Pages = {640--654},
	Publisher = {Springer-Verlag},
	Series = {LPAR'10},
	Title = {Symbolic Automata Constraint Solving},
	Url = {http://dl.acm.org/citation.cfm?id=1928380.1928425},
	Year = {2010},
	Bdsk-Url-1 = {http://dl.acm.org/citation.cfm?id=1928380.1928425}}

@incollection{Pex2008,
	Author = {Tillmann, Nikolai and Halleux, Jonathan},
	Booktitle = {Tests and Proofs},
	Date-Modified = {2014-02-05 05:28:53 +0000},
	Doi = {10.1007/978-3-540-79124-9_10},
	Editor = {Beckert, Bernhard and H{\"a}hnle, Reiner},
	Isbn = {978-3-540-79123-2},
	Pages = {134-153},
	Publisher = {Springer-Verlag},
	Series = {Lecture Notes in Computer Science},
	Title = {Pex --- White Box Test Generation for {.NET}},
	Url = {http://dx.doi.org/10.1007/978-3-540-79124-9_10},
	Volume = {4966},
	Year = {2008},
	Bdsk-Url-1 = {http://dx.doi.org/10.1007/978-3-540-79124-9_10}}

@inproceedings{Z3str2013,
	Acmid = {2491456},
	Author = {Zheng, Yunhui and Zhang, Xiangyu and Ganesh, Vijay},
	Booktitle = {Proceedings of the 2013 9th Joint Meeting on Foundations of Software Engineering},
	Isbn = {978-1-4503-2237-9},
	Keywords = {String Analysis, String Constraint Solver, Web Application},
	Location = {Saint Petersburg, Russia},
	Numpages = {11},
	Pages = {114--124},
	Publisher = {ACM},
	Series = {ESEC/FSE 2013},
	Title = {Z3-str: A Z3-based String Solver for Web Application Analysis},
	Year = {2013}}

@incollection{Pass2013,
	Author = {Li, Guodong and Ghosh, Indradeep},
	Booktitle = {Hardware and Software: Verification and Testing},
	Editor = {Bertacco, Valeria and Legay, Axel},
	Isbn = {978-3-319-03076-0},
	Pages = {15-31},
	Publisher = {Springer International Publishing},
	Series = {Lecture Notes in Computer Science},
	Title = {{PASS}: String Solving with Parameterized Array and Interval Automaton},
	Volume = {8244},
	Year = {2013}}

@inproceedings{CMS2003,
	Acmid = {1760269},
	Author = {Christensen, Aske Simon and M{\o}ller, Anders and Schwartzbach, Michael I.},
	Booktitle = {Proceedings of the 10th International Conference on Static Analysis},
	Isbn = {3-540-40325-6},
	Location = {San Diego, CA, USA},
	Numpages = {18},
	Pages = {1--18},
	Publisher = {Springer-Verlag},
	Series = {SAS'03},
	Title = {Precise Analysis of String Expressions},
	Url = {http://dl.acm.org/citation.cfm?id=1760267.1760269},
	Year = {2003},
	Bdsk-Url-1 = {http://dl.acm.org/citation.cfm?id=1760267.1760269}}

@inproceedings{MONA1995,
	Acmid = {693761},
	Author = {Henriksen, Jesper G. and Jensen, Jakob L. and J{\o}rgensen, Michael E. and Klarlund, Nils and Paige, Robert and Rauhe, Theis and Sandholm, Anders},
	Booktitle = {Proceedings of the First International Workshop on Tools and Algorithms for Construction and Analysis of Systems},
	Isbn = {3-540-60630-0},
	Numpages = {22},
	Pages = {89--110},
	Publisher = {Springer-Verlag},
	Series = {TACAS '95},
	Title = {Mona: Monadic Second-Order Logic in Practice},
	Url = {http://dl.acm.org/citation.cfm?id=646479.693761},
	Year = {1995},
	Bdsk-Url-1 = {http://dl.acm.org/citation.cfm?id=646479.693761}}

@inproceedings{KMS2000,
	Acmid = {760182},
	Author = {Klarlund, Nils and M{\o}ller, Anders and Schwartzbach, Michael I.},
	Booktitle = {Revised Papers from the 5th International Conference on Implementation and Application of Automata},
	Isbn = {3-540-42491-1},
	Numpages = {13},
	Pages = {182--194},
	Publisher = {Springer-Verlag},
	Series = {CIAA '00},
	Title = {MONA Implementation Secrets},
	Url = {http://dl.acm.org/citation.cfm?id=647267.760182},
	Year = {2001},
	Bdsk-Url-1 = {http://dl.acm.org/citation.cfm?id=647267.760182}}

@incollection{Stranger2010,
	Author = {Yu, Fang and Alkhalaf, Muath and Bultan, Tevfik},
	Booktitle = {Tools and Algorithms for the Construction and Analysis of Systems},
	Doi = {10.1007/978-3-642-12002-2_13},
	Editor = {Esparza, Javier and Majumdar, Rupak},
	Isbn = {978-3-642-12001-5},
	Pages = {154-157},
	Publisher = {Springer-Verlag},
	Series = {Lecture Notes in Computer Science},
	Title = {Stranger: An Automata-Based String Analysis Tool for PHP},
	Url = {http://dx.doi.org/10.1007/978-3-642-12002-2_13},
	Volume = {6015},
	Year = {2010},
	Bdsk-Url-1 = {http://dx.doi.org/10.1007/978-3-642-12002-2_13}}

@incollection{Sushi2013,
	Author = {Xiang Fu and Chung{-}chih Li},
	Booktitle = {Proceedings of the 22nd International Conference on Software Engineering and Knowledge Engineering},
	Date-Modified = {2014-02-04 22:30:55 +0000},
	Location = {Redwood City, San Francisco Bay, CA},
	Publisher = {Knowledge Systems Institute Graduate School},
	Series = {SEKE'2010},
	Title = {A String Constraint Solver for Detecting Web Application Vulnerability},
	Year = {2010}}

@inproceedings{BarNOT-LPAR-06,
	Author = {Clark Barrett and Robert Nieuwenhuis and Albert Oliveras and Cesare Tinelli},
	Booktitle = {Proceedings of LPAR'06},
	Date-Added = {2013-01-12 22:34:47 +0000},
	Date-Modified = {2013-01-13 01:32:44 +0000},
	Pages = {512--526},
	Publisher = {Springer},
	Series = {LNCS},
	Title = {Splitting on Demand in {SAT} Modulo Theories},
	Volume = {4246},
	Year = 2006,
	Bdsk-Url-1 = {ftp://ftp.cs.uiowa.edu/pub/tinelli/papers/BarNOT-LPAR-06.pdf}}
